@BOOK{Chomsky1957,
  author = {Noam Chomsky},
  year = {1957},
  title = {Syntactic structures},
  address = {The Hague},
  publisher = {Mouton} 
}


@misc{Nordhoff2018,
  author = {Sebastian Nordhoff},
  year = {2022},
  title = {BibTeX generator},
  url = {http://langsci-press-gug.org/doc2tex/doc2bib},
  urldate = {2022-02-03},
  note = {Follow the link to generate BibTeX} 
}

@misc{osu, title={osu!}, url={https://osu.ppy.sh/}} 

@misc{quaver, title={Quaver}, url={https://quavergame.com/}} 

@misc{etterna, title={Etterna}, url={https://etternaonline.com/}} 

@misc{o2jam, title={O2Jam}, url={https://o2jam.fandom.com/wiki/O2Jam}} 
